%YAML 1.1
%TAG !u! tag:unity3d.com,2011:
--- !u!1 &1913446940716204
GameObject:
  m_ObjectHideFlags: 0
  m_CorrespondingSourceObject: {fileID: 0}
  m_PrefabInstance: {fileID: 0}
  m_PrefabAsset: {fileID: 0}
  serializedVersion: 6
  m_Component:
  - component: {fileID: 4078808125983494}
  - component: {fileID: 65224225470401402}
  - component: {fileID: 114792617127206424}
  m_Layer: 0
  m_Name: Hourglass
  m_TagString: Hourglass
  m_Icon: {fileID: 0}
  m_NavMeshLayer: 0
  m_StaticEditorFlags: 0
  m_IsActive: 1
--- !u!4 &4078808125983494
Transform:
  m_ObjectHideFlags: 0
  m_CorrespondingSourceObject: {fileID: 0}
  m_PrefabInstance: {fileID: 0}
  m_PrefabAsset: {fileID: 0}
  m_GameObject: {fileID: 1913446940716204}
  m_LocalRotation: {x: 0, y: 0, z: 0, w: 1}
  m_LocalPosition: {x: 7, y: 1, z: 7}
  m_LocalScale: {x: 1, y: 1, z: 1}
  m_Children:
  - {fileID: 3951212634894088608}
  m_Father: {fileID: 0}
  m_RootOrder: 0
  m_LocalEulerAnglesHint: {x: 0, y: 0, z: 0}
--- !u!65 &65224225470401402
BoxCollider:
  m_ObjectHideFlags: 0
  m_CorrespondingSourceObject: {fileID: 0}
  m_PrefabInstance: {fileID: 0}
  m_PrefabAsset: {fileID: 0}
  m_GameObject: {fileID: 1913446940716204}
  m_Material: {fileID: 0}
  m_IsTrigger: 1
  m_Enabled: 1
  serializedVersion: 2
  m_Size: {x: 0.18, y: 0.33, z: 0.18}
  m_Center: {x: 0, y: 0.8, z: 0}
--- !u!114 &114792617127206424
MonoBehaviour:
  m_ObjectHideFlags: 0
  m_CorrespondingSourceObject: {fileID: 0}
  m_PrefabInstance: {fileID: 0}
  m_PrefabAsset: {fileID: 0}
  m_GameObject: {fileID: 1913446940716204}
  m_Enabled: 1
  m_EditorHideFlags: 0
  m_Script: {fileID: 11500000, guid: ae105742f588e724da52a0bc132980d0, type: 3}
  m_Name: 
  m_EditorClassIdentifier: 
  particlesPrefab: {fileID: 5063993566172723397, guid: dc24c14ce5c29424e9eb8b1972f66259,
    type: 3}
  sound: {fileID: 8300000, guid: 6030c24d3ecacab43baf913d0252f8b3, type: 3}
--- !u!1 &1987532503213977255
GameObject:
  m_ObjectHideFlags: 0
  m_CorrespondingSourceObject: {fileID: 0}
  m_PrefabInstance: {fileID: 0}
  m_PrefabAsset: {fileID: 0}
  serializedVersion: 6
  m_Component:
  - component: {fileID: 3951212634894088608}
  - component: {fileID: 4889469710316504925}
  m_Layer: 0
  m_Name: Hourglass
  m_TagString: Untagged
  m_Icon: {fileID: 0}
  m_NavMeshLayer: 0
  m_StaticEditorFlags: 0
  m_IsActive: 1
--- !u!4 &3951212634894088608
Transform:
  m_ObjectHideFlags: 0
  m_CorrespondingSourceObject: {fileID: 0}
  m_PrefabInstance: {fileID: 0}
  m_PrefabAsset: {fileID: 0}
  m_GameObject: {fileID: 1987532503213977255}
  m_LocalRotation: {x: 0, y: 0, z: 0, w: 1}
  m_LocalPosition: {x: 0, y: 0.5, z: 0}
  m_LocalScale: {x: 1, y: 1, z: 1}
  m_Children:
  - {fileID: 8641311820886250573}
  - {fileID: 4808028589407486031}
  m_Father: {fileID: 4078808125983494}
  m_RootOrder: 0
  m_LocalEulerAnglesHint: {x: 0, y: 0, z: 0}
--- !u!95 &4889469710316504925
Animator:
  serializedVersion: 3
  m_ObjectHideFlags: 0
  m_CorrespondingSourceObject: {fileID: 0}
  m_PrefabInstance: {fileID: 0}
  m_PrefabAsset: {fileID: 0}
  m_GameObject: {fileID: 1987532503213977255}
  m_Enabled: 1
  m_Avatar: {fileID: 0}
  m_Controller: {fileID: 9100000, guid: dd9f1d5087392b847a77db8023c850c9, type: 2}
  m_CullingMode: 0
  m_UpdateMode: 0
  m_ApplyRootMotion: 0
  m_LinearVelocityBlending: 0
  m_WarningMessage: 
  m_HasTransformHierarchy: 1
  m_AllowConstantClipSamplingOptimization: 1
  m_KeepAnimatorControllerStateOnDisable: 0
--- !u!1001 &4808028589407099597
PrefabInstance:
  m_ObjectHideFlags: 0
  serializedVersion: 2
  m_Modification:
    m_TransformParent: {fileID: 3951212634894088608}
    m_Modifications:
    - target: {fileID: 100002, guid: 80136cd5d4a48284aac8b6146a44f78d, type: 3}
      propertyPath: m_Name
      value: hourglass_wood
      objectReference: {fileID: 0}
    - target: {fileID: 400002, guid: 80136cd5d4a48284aac8b6146a44f78d, type: 3}
      propertyPath: m_LocalPosition.x
      value: 0.302
      objectReference: {fileID: 0}
    - target: {fileID: 400002, guid: 80136cd5d4a48284aac8b6146a44f78d, type: 3}
      propertyPath: m_LocalPosition.y
      value: 0.06
      objectReference: {fileID: 0}
    - target: {fileID: 400002, guid: 80136cd5d4a48284aac8b6146a44f78d, type: 3}
      propertyPath: m_LocalPosition.z
      value: 0.18
      objectReference: {fileID: 0}
    - target: {fileID: 400002, guid: 80136cd5d4a48284aac8b6146a44f78d, type: 3}
      propertyPath: m_LocalRotation.x
      value: 0
      objectReference: {fileID: 0}
    - target: {fileID: 400002, guid: 80136cd5d4a48284aac8b6146a44f78d, type: 3}
      propertyPath: m_LocalRotation.y
      value: 0
      objectReference: {fileID: 0}
    - target: {fileID: 400002, guid: 80136cd5d4a48284aac8b6146a44f78d, type: 3}
      propertyPath: m_LocalRotation.z
      value: 0.20517938
      objectReference: {fileID: 0}
    - target: {fileID: 400002, guid: 80136cd5d4a48284aac8b6146a44f78d, type: 3}
      propertyPath: m_LocalRotation.w
      value: 0.9787244
      objectReference: {fileID: 0}
    - target: {fileID: 400002, guid: 80136cd5d4a48284aac8b6146a44f78d, type: 3}
      propertyPath: m_RootOrder
      value: 1
      objectReference: {fileID: 0}
    - target: {fileID: 400002, guid: 80136cd5d4a48284aac8b6146a44f78d, type: 3}
      propertyPath: m_LocalEulerAnglesHint.x
      value: 0
      objectReference: {fileID: 0}
    - target: {fileID: 400002, guid: 80136cd5d4a48284aac8b6146a44f78d, type: 3}
      propertyPath: m_LocalEulerAnglesHint.y
      value: 0
      objectReference: {fileID: 0}
    - target: {fileID: 400002, guid: 80136cd5d4a48284aac8b6146a44f78d, type: 3}
      propertyPath: m_LocalEulerAnglesHint.z
      value: 23.68
      objectReference: {fileID: 0}
    - target: {fileID: 400002, guid: 80136cd5d4a48284aac8b6146a44f78d, type: 3}
      propertyPath: m_LocalScale.x
      value: 0.09
      objectReference: {fileID: 0}
    - target: {fileID: 400002, guid: 80136cd5d4a48284aac8b6146a44f78d, type: 3}
      propertyPath: m_LocalScale.y
      value: 0.09
      objectReference: {fileID: 0}
    - target: {fileID: 400002, guid: 80136cd5d4a48284aac8b6146a44f78d, type: 3}
      propertyPath: m_LocalScale.z
      value: 0.09
      objectReference: {fileID: 0}
    m_RemovedComponents: []
  m_SourcePrefab: {fileID: 100100000, guid: 80136cd5d4a48284aac8b6146a44f78d, type: 3}
--- !u!4 &4808028589407486031 stripped
Transform:
  m_CorrespondingSourceObject: {fileID: 400002, guid: 80136cd5d4a48284aac8b6146a44f78d,
    type: 3}
  m_PrefabInstance: {fileID: 4808028589407099597}
  m_PrefabAsset: {fileID: 0}
--- !u!1001 &8641311820885855951
PrefabInstance:
  m_ObjectHideFlags: 0
  serializedVersion: 2
  m_Modification:
    m_TransformParent: {fileID: 3951212634894088608}
    m_Modifications:
    - target: {fileID: 100002, guid: 180cd24d4b96c0e4b9e620b7a3bb54e7, type: 3}
      propertyPath: m_Name
      value: hourglass_glass
      objectReference: {fileID: 0}
    - target: {fileID: 400002, guid: 180cd24d4b96c0e4b9e620b7a3bb54e7, type: 3}
      propertyPath: m_LocalPosition.x
      value: 0.302
      objectReference: {fileID: 0}
    - target: {fileID: 400002, guid: 180cd24d4b96c0e4b9e620b7a3bb54e7, type: 3}
      propertyPath: m_LocalPosition.y
      value: 0.06
      objectReference: {fileID: 0}
    - target: {fileID: 400002, guid: 180cd24d4b96c0e4b9e620b7a3bb54e7, type: 3}
      propertyPath: m_LocalPosition.z
      value: 0.18
      objectReference: {fileID: 0}
    - target: {fileID: 400002, guid: 180cd24d4b96c0e4b9e620b7a3bb54e7, type: 3}
      propertyPath: m_LocalRotation.x
      value: 0
      objectReference: {fileID: 0}
    - target: {fileID: 400002, guid: 180cd24d4b96c0e4b9e620b7a3bb54e7, type: 3}
      propertyPath: m_LocalRotation.y
      value: 0
      objectReference: {fileID: 0}
    - target: {fileID: 400002, guid: 180cd24d4b96c0e4b9e620b7a3bb54e7, type: 3}
      propertyPath: m_LocalRotation.z
      value: 0.20517938
      objectReference: {fileID: 0}
    - target: {fileID: 400002, guid: 180cd24d4b96c0e4b9e620b7a3bb54e7, type: 3}
      propertyPath: m_LocalRotation.w
      value: 0.9787244
      objectReference: {fileID: 0}
    - target: {fileID: 400002, guid: 180cd24d4b96c0e4b9e620b7a3bb54e7, type: 3}
      propertyPath: m_RootOrder
      value: 0
      objectReference: {fileID: 0}
    - target: {fileID: 400002, guid: 180cd24d4b96c0e4b9e620b7a3bb54e7, type: 3}
      propertyPath: m_LocalEulerAnglesHint.x
      value: 0
      objectReference: {fileID: 0}
    - target: {fileID: 400002, guid: 180cd24d4b96c0e4b9e620b7a3bb54e7, type: 3}
      propertyPath: m_LocalEulerAnglesHint.y
      value: 0
      objectReference: {fileID: 0}
    - target: {fileID: 400002, guid: 180cd24d4b96c0e4b9e620b7a3bb54e7, type: 3}
      propertyPath: m_LocalEulerAnglesHint.z
      value: 23.68
      objectReference: {fileID: 0}
    - target: {fileID: 400002, guid: 180cd24d4b96c0e4b9e620b7a3bb54e7, type: 3}
      propertyPath: m_LocalScale.x
      value: 0.09
      objectReference: {fileID: 0}
    - target: {fileID: 400002, guid: 180cd24d4b96c0e4b9e620b7a3bb54e7, type: 3}
      propertyPath: m_LocalScale.y
      value: 0.09
      objectReference: {fileID: 0}
    - target: {fileID: 400002, guid: 180cd24d4b96c0e4b9e620b7a3bb54e7, type: 3}
      propertyPath: m_LocalScale.z
      value: 0.09
      objectReference: {fileID: 0}
    m_RemovedComponents: []
  m_SourcePrefab: {fileID: 100100000, guid: 180cd24d4b96c0e4b9e620b7a3bb54e7, type: 3}
--- !u!4 &8641311820886250573 stripped
Transform:
  m_CorrespondingSourceObject: {fileID: 400002, guid: 180cd24d4b96c0e4b9e620b7a3bb54e7,
    type: 3}
  m_PrefabInstance: {fileID: 8641311820885855951}
  m_PrefabAsset: {fileID: 0}
